
@book{Benaroya05,
author = {Haym Benaroya and Seon Mi Han},
title = {Probability Models in Engineering and Science},
year = {2005},
publisher = {CRC Press, Taylor and Francis Group},
note = {Refer to page 168 for derivation of mean and variance of a general function of N RVs}
}

@book{Andrea05,
author = {Andrea Goldsmith},
title = {Wireless Communications},
year = {2005},
publisher = {Cambridge University Press},
note = {Refer to page 28 for Free-Space path losses}
}

@article{chakraborty2010,
  title={Analysis of the Bluetooth device discovery protocol},
  author={Chakraborty, Goutam and Naik, Kshirasagar and Chakraborty, Debasish and Shiratori, Norio and Wei, David},
  journal={Wireless Networks},
  volume={16},
  number={2},
  pages={421--436},
  year={2010},
  publisher={Springer}
}